<?xml version="1.0" encoding="UTF-8"?>
<record xmlns="http://www.loc.gov/MARC21/slim" xmlns:xsi="http://www.w3.org/2001/XMLSchema-instance" xsi:schemaLocation="http://www.loc.gov/MARC21/slim http://www.loc.gov/standards/marcxml/schema/MARC21slim.xsd">
<leader>00000cam a22     1i 4500</leader>
<controlfield tag="001">001680252</controlfield>
<controlfield tag="003">NNU</controlfield>
<controlfield tag="005">20141020170231.0</controlfield>
<controlfield tag="008">890228s1967    xx       b    000 0 ara</controlfield>
<datafield tag="010" ind1=" " ind2=" ">
<subfield code="a">ne 68000547</subfield>
</datafield>
<datafield tag="035" ind1=" " ind2=" ">
<subfield code="a">(OCoLC)23503674</subfield>
</datafield>
<datafield tag="040" ind1=" " ind2=" ">
<subfield code="a">DLC</subfield>
<subfield code="b">eng</subfield>
<subfield code="c">EYM</subfield>
<subfield code="d">DLC</subfield>
<subfield code="d">CGU</subfield>
<subfield code="d">AUD</subfield>
<subfield code="d">OCLCQ</subfield>
<subfield code="d">OCLCF</subfield>
<subfield code="d">NNU</subfield>
</datafield>
<datafield tag="042" ind1=" " ind2=" ">
<subfield code="a">premarc</subfield>
</datafield>
<datafield tag="050" ind1="0" ind2="0">
<subfield code="a">PJ7696</subfield>
<subfield code="b">.A27 1967</subfield>
</datafield>
<datafield tag="100" ind1="1" ind2=" ">
<subfield code="6">880-01</subfield>
<subfield code="a">Abu Zubayd, Ḥarmalah ibn al-Mundhir,</subfield>
<subfield code="d">active 7th century.</subfield>
</datafield>
<datafield tag="245" ind1="1" ind2="0">
<subfield code="6">880-02</subfield>
<subfield code="a">Shiʻr Abī Zubayd al-Ṭāʼī /</subfield>
<subfield code="c">Jamaʻahu wa ḥaqqaqahu Nūrī Ḥammūdī al-Qaysī.</subfield>
</datafield>
<datafield tag="246" ind1="1" ind2="4">
<subfield code="6">880-03</subfield>
<subfield code="a">Shiʻr Abī Zubayd al-Ṭāʼī Ḥarmalah bin al-Mundhir</subfield>
</datafield>
<datafield tag="264" ind1=" " ind2="1">
<subfield code="6">880-04</subfield>
<subfield code="a">Baghdād :</subfield>
<subfield code="b">Maṭbaʻat al-Maʻārif;</subfield>
<subfield code="c">1967.</subfield>
</datafield>
<datafield tag="300" ind1=" " ind2=" ">
<subfield code="a">213 pages ;</subfield>
<subfield code="c">25 cm</subfield>
</datafield>
<datafield tag="336" ind1=" " ind2=" ">
<subfield code="a">text</subfield>
<subfield code="b">txt</subfield>
<subfield code="2">rdacontent</subfield>
</datafield>
<datafield tag="337" ind1=" " ind2=" ">
<subfield code="a">unmediated</subfield>
<subfield code="b">n</subfield>
<subfield code="2">rdamedia</subfield>
</datafield>
<datafield tag="338" ind1=" " ind2=" ">
<subfield code="a">volume</subfield>
<subfield code="b">nc</subfield>
<subfield code="2">rdacarrier</subfield>
</datafield>
<datafield tag="500" ind1=" " ind2=" ">
<subfield code="a">Cover title: Shiʼr Abī Zubayd al-Taʼl.</subfield>
</datafield>
<datafield tag="504" ind1=" " ind2=" ">
<subfield code="a">Includes bibliographical references (pages 197-200).</subfield>
</datafield>
<datafield tag="530" ind1=" " ind2=" ">
<subfield code="a">Also issued online.</subfield>
</datafield>
<datafield tag="650" ind1=" " ind2="0">
<subfield code="a">Arabic literature</subfield>
<subfield code="y">622-750.</subfield>
</datafield>
<datafield tag="650" ind1=" " ind2="7">
<subfield code="a">Arabic literature.</subfield>
<subfield code="2">fast</subfield>
<subfield code="0">(OCoLC)fst00812478</subfield>
</datafield>
<datafield tag="648" ind1=" " ind2="7">
<subfield code="a">622 - 750</subfield>
<subfield code="2">fast</subfield>
</datafield>
<datafield tag="700" ind1="1" ind2=" ">
<subfield code="6">880-05</subfield>
<subfield code="a">Qaysī, Nūrī Ḥammūdī,</subfield>
<subfield code="e">editor.</subfield>
</datafield>
<datafield tag="776" ind1="0" ind2="8">
<subfield code="i">Online version:</subfield>
<subfield code="a">Abū Zubayd al-Ṭāʼī, Ḥarmalah ibn al-Mundhir, 7th cent.</subfield>
<subfield code="t">Shiʼr Abī Zubayd al-Ṭāʼl.</subfield>
<subfield code="d">1967</subfield>
<subfield code="w">(OCoLC)586073283</subfield>
</datafield>
<datafield tag="880" ind1="1" ind2=" ">
<subfield code="6">100-01/</subfield>
<subfield code="a">ابو زبيد، حرملة بن المنذر،</subfield>
<subfield code="d">active 7th century.</subfield>
</datafield>
<datafield tag="880" ind1="1" ind2="0">
<subfield code="6">245-02/</subfield>
<subfield code="a">شعر ابي زبيد الطائي /</subfield>
<subfield code="c">جمعه و حققه نوري حمودي القيسي.</subfield>
</datafield>
<datafield tag="880" ind1="1" ind2="4">
<subfield code="6">246-03/</subfield>
<subfield code="a">شعر ابي زبيد الطائي حرملة بن المنذر</subfield>
</datafield>
<datafield tag="880" ind1=" " ind2="1">
<subfield code="6">264-04/</subfield>
<subfield code="a">بغداد :</subfield>
<subfield code="b">مطبعة المعارف؛</subfield>
<subfield code="c">1967.</subfield>
</datafield>
<datafield tag="880" ind1="1" ind2=" ">
<subfield code="6">700-05/</subfield>
<subfield code="a">قيسي، نوري حمودي،</subfield>
<subfield code="e">editor.</subfield>
</datafield>
<datafield tag="OWN" ind1=" " ind2=" ">
<subfield code="a">GENERAL</subfield>
</datafield>
<datafield tag="AVA" ind1=" " ind2=" ">
<subfield code="a">NYU50</subfield>
<subfield code="b">BOBST</subfield>
<subfield code="c">Main Collection</subfield>
<subfield code="d">PJ7696 .A27 1967</subfield>
<subfield code="e">unavailable</subfield>
<subfield code="t">Unavailable</subfield>
<subfield code="f">1</subfield>
<subfield code="g">1</subfield>
<subfield code="h">N</subfield>
<subfield code="i">2</subfield>
<subfield code="j">MAIN</subfield>
<subfield code="k">0</subfield>
</datafield>
</record>
